<?xml version="1.0" encoding="UTF-8"?><collection xmlns="http://www.loc.gov/MARC21/slim"><record><leader>00442nam--2200145-i-4500</leader><controlfield tag="001">000029856</controlfield><controlfield tag="002">20161230</controlfield><controlfield tag="005">20161230201037</controlfield><controlfield tag="008">060222s1000------------r-----000-0-eng-d</controlfield><datafield ind1=" " ind2=" " tag="100"><subfield code="a">Lowe, Fritz</subfield></datafield><datafield ind1=" " ind2=" " tag="245"><subfield code="a">Optische messungen des chemikers und mediziners. 6.neubearbeitete auflage</subfield></datafield><datafield ind1=" " ind2=" " tag="260"><subfield code="a">Dresden, Verlag Von Th.Steinkopff, 1954, Xx + 364p</subfield></datafield><datafield ind1=" " ind2=" " tag="490"><subfield code="a">Technische Fortschrittsberichte</subfield></datafield><datafield ind1=" " ind2=" " tag="852"><subfield code="a">16367</subfield></datafield><datafield ind1=" " ind2=" " tag="CAT"><subfield code="a">Sys</subfield><subfield code="c">20080805</subfield><subfield code="h">124313</subfield></datafield></record></collection>